<?xml version="1.0" encoding="UTF-8" ?>
<marc:record xmlns:marc="http://www.loc.gov/MARC21/slim">
<marc:leader>00972cam a2200229   4500</marc:leader>
<marc:controlfield tag="001">37636</marc:controlfield>

<marc:controlfield tag="008">890224s1872                   000  eng  </marc:controlfield>

<marc:datafield tag="035" ind1=" " ind2=" ">
<marc:subfield code="a">(Sirsi) 37636</marc:subfield>
</marc:datafield>

<marc:datafield tag="100" ind1="1" ind2=" ">
<marc:subfield code="a">Bastian, Henry Charlton,</marc:subfield>
<marc:subfield code="d">1837-1915</marc:subfield>
</marc:datafield>

<marc:datafield tag="245" ind1="1" ind2="4">
<marc:subfield code="a">The beginnings of life :</marc:subfield>
<marc:subfield code="b">being some account of the nature, modes of origin and transformations of lower organisms.</marc:subfield>
<marc:subfield code="n">Vol. I.</marc:subfield>
<marc:subfield code="n">Vol. II /</marc:subfield>
<marc:subfield code="c">by H. Charlton Bastian</marc:subfield>
</marc:datafield>

<marc:datafield tag="260" ind1=" " ind2=" ">
<marc:subfield code="a">London :</marc:subfield>
<marc:subfield code="b">Macmillan,</marc:subfield>
<marc:subfield code="c">1872</marc:subfield>
</marc:datafield>

<marc:datafield tag="300" ind1=" " ind2=" ">
<marc:subfield code="a">2 vols. (xxxv, 475, 55, ix, 640, clv p.) :</marc:subfield>
<marc:subfield code="b">ill. ;</marc:subfield>
<marc:subfield code="c">19 cm.</marc:subfield>
</marc:datafield>

<marc:datafield tag="583" ind1=" " ind2=" ">
<marc:subfield code="a">Kohler Darwin Collection Review</marc:subfield>
<marc:subfield code="c">June 2005</marc:subfield>
</marc:datafield>

<marc:datafield tag="596" ind1=" " ind2=" ">
<marc:subfield code="a">4</marc:subfield>
</marc:datafield>

<marc:controlfield tag="001">Catkey 227605</marc:controlfield>

<marc:controlfield tag="001">ocm6620961</marc:controlfield>

<marc:datafield tag="909" ind1=" " ind2=" ">
<marc:subfield code="a">6620961</marc:subfield>
</marc:datafield>

<marc:datafield tag="590" ind1="1" ind2=" ">
<marc:subfield code="a">Itemid 140458</marc:subfield>
</marc:datafield>

<marc:datafield tag="590" ind1="1" ind2=" ">
<marc:subfield code="a">Itemid 227605-2001</marc:subfield>
</marc:datafield>

<marc:datafield tag="592" ind1=" " ind2=" ">
<marc:subfield code="a">Scanned for the Darwin Library and BHL.</marc:subfield>
</marc:datafield>

<marc:datafield tag="999" ind1=" " ind2=" ">
<marc:subfield code="a">10C o BAS (Vol.1)</marc:subfield>
<marc:subfield code="w">WOODWARD</marc:subfield>
<marc:subfield code="c">1</marc:subfield>
<marc:subfield code="i">140458</marc:subfield>
<marc:subfield code="d">1/3/1999</marc:subfield>
<marc:subfield code="l">SHELVES</marc:subfield>
<marc:subfield code="m">GENERAL</marc:subfield>
<marc:subfield code="r">Y</marc:subfield>
<marc:subfield code="s">Y</marc:subfield>
<marc:subfield code="t">BOOK</marc:subfield>
<marc:subfield code="u">27/3/1998</marc:subfield>
<marc:subfield code="x">MAIN</marc:subfield>
</marc:datafield>

<marc:datafield tag="999" ind1=" " ind2=" ">
<marc:subfield code="a">10C o BAS (Vol.2)</marc:subfield>
<marc:subfield code="w">WOODWARD</marc:subfield>
<marc:subfield code="c">1</marc:subfield>
<marc:subfield code="i">227605-2001</marc:subfield>
<marc:subfield code="d">1/3/1999</marc:subfield>
<marc:subfield code="l">SHELVES</marc:subfield>
<marc:subfield code="m">GENERAL</marc:subfield>
<marc:subfield code="r">Y</marc:subfield>
<marc:subfield code="s">Y</marc:subfield>
<marc:subfield code="t">BOOK</marc:subfield>
<marc:subfield code="u">1/3/1999</marc:subfield>
<marc:subfield code="x">MAIN</marc:subfield>
</marc:datafield>

</marc:record>